@article{RNA2020,
   author = {Reski, Nico and Alissandrakis, Aris},
   title = {Open data exploration in virtual reality: a comparative study of input technology},
   journal = {Virtual Reality},
   volume = {24},
   number = {1},
   pages = {1-22},
   ISSN = {1434-9957},
   DOI = {10.1007/s10055-019-00378-w},
   url = {https://doi.org/10.1007/s10055-019-00378-w},
   year = {2020},
   type = {Journal Article}
}

